<?xml version="1.0" encoding="UTF-8"?><collection xmlns="http://www.loc.gov/MARC21/slim"><record><leader>00473nam--2200145-i-4500</leader><controlfield tag="001">000022798</controlfield><controlfield tag="002">20161230</controlfield><controlfield tag="005">20161230201034</controlfield><controlfield tag="008">060222s1000------------r-----000-0-eng-d</controlfield><datafield ind1=" " ind2=" " tag="080"><subfield code="a">539.2</subfield></datafield><datafield ind1=" " ind2=" " tag="100"><subfield code="a">Hovi, Vaino., Lohikainen, Teuvo And Niemela, Lasse</subfield></datafield><datafield ind1=" " ind2=" " tag="245"><subfield code="a">Investigation of the self-diffusion of nh4 ions in solid nh4no3 by nmr relaxation time measurements</subfield></datafield><datafield ind1=" " ind2=" " tag="260"><subfield code="a">Turku, Turun Yliopiston, 1968. 13p</subfield></datafield><datafield ind1=" " ind2=" " tag="490"><subfield code="a">Annal.Univ.Turkuensis, Seria A</subfield></datafield><datafield ind1=" " ind2=" " tag="852"><subfield code="a">6366</subfield></datafield></record></collection>